@inproceedings{bo2011hierarchical,
  title={Hierarchical matching pursuit for image classification: Architecture and fast algorithms},
  author={Bo, Liefeng and Ren, Xiaofeng and Fox, Dieter},
  booktitle={Advances in neural information processing systems},
  pages={2115--2123},
  year={2011}
}

@INPROCEEDINGS{mueller2013recognition, 
author={Mueller, C.A. and Pathak, K. and Birk, A.}, 
booktitle={Intelligent Robots and Systems (IROS), 2013 IEEE/RSJ International Conference on}, 
title={Object recognition in RGBD images of cluttered environments using graph-based categorization with unsupervised learning of shape parts}, 
year={2013},
month={Nov},
pages={2248-2255}
}

@article{borestructures,
author={Bore, Nils and Jensfelt, Patric and Folkesson, John},
title={Finding Frequent 3D structures in Human Environments},
year=2014
}

@inproceedings{nister2006scalable,
  title={Scalable recognition with a vocabulary tree},
  author={Nister, David and Stewenius, Henrik},
  booktitle={Computer Vision and Pattern Recognition, 2006 IEEE Computer Society Conference on},
  volume={2},
  pages={2161--2168},
  year={2006},
  organization={IEEE}
}

@inproceedings{philbin2007object,
  title={Object retrieval with large vocabularies and fast spatial matching},
  author={Philbin, James and Chum, Ondrej and Isard, Michael and Sivic, Josef and Zisserman, Andrew},
  booktitle={Computer Vision and Pattern Recognition, 2007. CVPR'07. IEEE Conference on},
  pages={1--8},
  year={2007},
  organization={IEEE}
}

@inproceedings{rui2000optimizing,
  title={Optimizing learning in image retrieval},
  author={Rui, Yong and Huang, Thomas},
  booktitle={Computer Vision and Pattern Recognition, 2000. Proceedings. IEEE Conference on},
  volume={1},
  pages={236--243},
  year={2000},
  organization={IEEE}
}

@inproceedings{wohlkinger2011shape,
  title={Shape-based depth image to 3D model matching and classification with inter-view similarity},
  author={Wohlkinger, Walter and Vincze, Markus},
  booktitle={Intelligent Robots and Systems (IROS), 2011 IEEE/RSJ International Conference on},
  pages={4865--4870},
  year={2011},
  organization={IEEE}
}

@inproceedings{lai2011scalable,
  title={A Scalable Tree-Based Approach for Joint Object and Pose Recognition.},
  author={Lai, Kevin and Bo, Liefeng and Ren, Xiaofeng and Fox, Dieter},
  booktitle={AAAI},
  year={2011}
}

@inproceedings{saenko2011practical,
  title={Practical 3-D object detection using category and instance-level appearance models},
  author={Saenko, Kate and Karayev, Sergey and Jia, Yangqing and Shyr, Alex and Janoch, Allison and Long, Jonathan and Fritz, Mario and Darrell, Trevor},
  booktitle={Intelligent Robots and Systems (IROS), 2011 IEEE/RSJ International Conference on},
  pages={793--800},
  year={2011},
  organization={IEEE}
}

@inproceedings{browatzki2011going,
  title={Going into depth: Evaluating 2D and 3D cues for object classification on a new, large-scale object dataset},
  author={Browatzki, Bj{\"o}rn and Fischer, Jan and Graf, Birgit and Bulthoff, HH and Wallraven, Christian},
  booktitle={Computer Vision Workshops (ICCV Workshops), 2011 IEEE International Conference on},
  pages={1189--1195},
  year={2011},
  organization={IEEE}
}

@ARTICLE{haris1998watershed, 
author={Haris, K. and Efstratiadis, S.N. and Maglaveras, N. and Katsaggelos, A.K.}, 
journal={Image Processing, IEEE Transactions on}, 
title={Hybrid image segmentation using watersheds and fast region merging}, 
year=1998, 
month={Dec}, 
volume=7, 
number=12, 
pages={1684-1699}, 
}

@article{woo2002new,
  title={A new segmentation method for point cloud data},
  author={Woo, H and Kang, E and Wang, Semyung and Lee, Kwan H},
  journal={International Journal of Machine Tools and Manufacture},
  volume={42},
  number={2},
  pages={167--178},
  year={2002},
  publisher={Elsevier}
}

@article{rabbani2006segmentation,
  title={Segmentation of point clouds using smoothness constraint},
  author={Rabbani, Tahir and van den Heuvel, Frank and Vosselmann, G},
  journal={International Archives of Photogrammetry, Remote Sensing and Spatial Information Sciences},
  volume={36},
  number={5},
  pages={248--253},
  year={2006}
}

@inproceedings{kazhdan2003rotation,
  title={Rotation invariant spherical harmonic representation of 3 D shape descriptors},
  author={Kazhdan, Michael and Funkhouser, Thomas and Rusinkiewicz, Szymon},
  booktitle={Symposium on geometry processing},
  volume={6},
  year={2003}
}

@inproceedings{osada2001matching,
  title={Matching 3D models with shape distributions},
  author={Osada, Robert and Funkhouser, Thomas and Chazelle, Bernard and Dobkin, David},
  booktitle={Shape Modeling and Applications, SMI 2001 International Conference on.},
  pages={154--166},
  year={2001},
  organization={IEEE}
}

@inproceedings{rusu2010fast,
  title={Fast 3d recognition and pose using the viewpoint feature histogram},
  author={Rusu, Radu Bogdan and Bradski, Gary and Thibaux, Romain and Hsu, John},
  booktitle={Intelligent Robots and Systems (IROS), 2010 IEEE/RSJ International Conference on},
  pages={2155--2162},
  year={2010},
  organization={IEEE}
}

@inproceedings{boiman2008defense,
  title={In defense of nearest-neighbor based image classification},
  author={Boiman, Oren and Shechtman, Eli and Irani, Michal},
  booktitle={Computer Vision and Pattern Recognition, 2008. CVPR 2008. IEEE Conference on},
  pages={1--8},
  year={2008},
  organization={IEEE}
}

@ARTICLE{sajadi1980moment, 
author={Sadjadi, Firooz A. and Hall, Ernest L.}, 
journal={Pattern Analysis and Machine Intelligence, IEEE Transactions on}, 
title={Three-Dimensional Moment Invariants}, 
year={1980}, 
month={March}, 
volume={PAMI-2},
number={2}, 
pages={127-136}
}

@article{zakaria1987fast,
  title={Fast algorithm for the computation of moment invariants},
  author={Zakaria, MF and Vroomen, LJ and Zsombor-Murray, PJA and Van Kessel, JMHM},
  journal={Pattern Recognition},
  volume={20},
  number={6},
  pages={639--643},
  year={1987},
  publisher={Elsevier}
}

@article{felzenszwalb2010object,
  title={Object detection with discriminatively trained part-based models},
  author={Felzenszwalb, Pedro F and Girshick, Ross B and McAllester, David and Ramanan, Deva},
  journal={Pattern Analysis and Machine Intelligence, IEEE Transactions on},
  volume={32},
  number={9},
  pages={1627--1645},
  year={2010},
  publisher={IEEE}
}

@inproceedings{alexe2010object,
  title={What is an object?},
  author={Alexe, Bogdan and Deselaers, Thomas and Ferrari, Vittorio},
  booktitle={Computer Vision and Pattern Recognition (CVPR), 2010 IEEE Conference on},
  pages={73--80},
  year={2010},
  organization={IEEE}
}

@article{lowe2004distinctive,
  title={Distinctive image features from scale-invariant keypoints},
  author={Lowe, David G},
  journal={International journal of computer vision},
  volume={60},
  number={2},
  pages={91--110},
  year={2004},
  publisher={Springer}
}

@inproceedings{fei2005bayesian,
  title={A bayesian hierarchical model for learning natural scene categories},
  author={Fei-Fei, Li and Perona, Pietro},
  booktitle={Computer Vision and Pattern Recognition, 2005. CVPR 2005. IEEE Computer Society Conference on},
  volume={2},
  pages={524--531},
  year={2005},
  organization={IEEE}
}

@inproceedings{dalal2005histograms,
  title={Histograms of oriented gradients for human detection},
  author={Dalal, Navneet and Triggs, Bill},
  booktitle={Computer Vision and Pattern Recognition, 2005. CVPR 2005. IEEE Computer Society Conference on},
  volume={1},
  pages={886--893},
  year={2005},
  organization={IEEE}
}

@article{johnson1999using,
  title={Using spin images for efficient object recognition in cluttered 3D scenes},
  author={Johnson, Andrew E. and Hebert, Martial},
  journal={Pattern Analysis and Machine Intelligence, IEEE Transactions on},
  volume={21},
  number={5},
  pages={433--449},
  year={1999},
  publisher={IEEE}
}

@inproceedings{lai2011sparse,
  title={Sparse distance learning for object recognition combining rgb and depth information},
  author={Lai, Kevin and Bo, Liefeng and Ren, Xiaofeng and Fox, Dieter},
  booktitle={Robotics and Automation (ICRA), 2011 IEEE International Conference on},
  pages={4007--4013},
  year={2011},
  organization={IEEE}
}

@book{baeza1999modern,
  title={Modern information retrieval},
  author={Baeza-Yates, Ricardo and Ribeiro-Neto, Berthier and others},
  volume={463},
  year={1999},
  publisher={ACM press New York}
}

@article{mikolajczyk2004scale,
  title={Scale \& affine invariant interest point detectors},
  author={Mikolajczyk, Krystian and Schmid, Cordelia},
  journal={International journal of computer vision},
  volume={60},
  number={1},
  pages={63--86},
  year={2004},
  publisher={Springer}
}

@article{mikolajczyk2005performance,
  title={A performance evaluation of local descriptors},
  author={Mikolajczyk, Krystian and Schmid, Cordelia},
  journal={Pattern Analysis and Machine Intelligence, IEEE Transactions on},
  volume={27},
  number={10},
  pages={1615--1630},
  year={2005},
  publisher={IEEE}
}

@article{comaniciu2002mean,
  title={Mean shift: A robust approach toward feature space analysis},
  author={Comaniciu, Dorin and Meer, Peter},
  journal={Pattern Analysis and Machine Intelligence, IEEE Transactions on},
  volume={24},
  number={5},
  pages={603--619},
  year={2002},
  publisher={IEEE}
}

@article{fritzke1995growing,
  title={A growing neural gas network learns topologies},
  author={Fritzke, Bernd and others},
  journal={Advances in neural information processing systems},
  volume={7},
  pages={625--632},
  year={1995},
  publisher={MORGAN KAUFMANN PUBLISHERS}
}

@article{mueller2012towards,
  title={Towards Scalable 3D Object Shape Categorization},
  author={Mueller, Christian A. and Pl\"{o}ger, Paul G. and Roscoe, Matthew S.},
  journal={Active Semantic Perception Workshop on Intelligent Robots and Systems (IROS)},
  year={2012}
}

@article{muja2009fast,
  title={Fast Approximate Nearest Neighbors with Automatic Algorithm Configuration.},
  author={Muja, Marius and Lowe, David G},
  journal={VISAPP (1)},
  volume={2},
  year={2009}
}

@inproceedings{gatzke2005curvature,
  title={Curvature maps for local shape comparison},
  author={Gatzke, Timothy and Grimm, Cindy and Garland, Michael and Zelinka, Steve},
  booktitle={Shape Modeling and Applications, 2005 International Conference},
  pages={244--253},
  year={2005},
  organization={IEEE}
}

@inproceedings{rusu2009fast,
  title={Fast point feature histograms (FPFH) for 3D registration},
  author={Rusu, Radu Bogdan and Blodow, Nico and Beetz, Michael},
  booktitle={Robotics and Automation, 2009. ICRA'09. IEEE International Conference on},
  pages={3212--3217},
  year={2009},
  organization={IEEE}
}

@inproceedings{ben2008characterizing,
  title={Characterizing Shape Using Conformal Factors.},
  author={Ben-Chen, Mirela and Gotsman, Craig},
  booktitle={3DOR},
  pages={1--8},
  year={2008}
}

@inproceedings{rusu2009detecting,
  title={Detecting and segmenting objects for mobile manipulation},
  author={Rusu, Radu Bogdan and Holzbach, Andreas and Beetz, Michael and Bradski, Gary},
  booktitle={Computer Vision Workshops (ICCV Workshops), 2009 IEEE 12th International Conference on},
  pages={47--54},
  year={2009},
  organization={IEEE}
}